
@inproceedings{pavloff_ethereum_2023,
	location = {Tallinn Estonia},
	title = {Ethereum Proof-of-Stake under Scrutiny},
	isbn = {978-1-4503-9517-5},
	url = {https://dl.acm.org/doi/10.1145/3555776.3577655},
	doi = {10.1145/3555776.3577655},
	eventtitle = {{SAC} '23: 38th {ACM}/{SIGAPP} Symposium on Applied Computing},
	pages = {212--221},
	booktitle = {Proceedings of the 38th {ACM}/{SIGAPP} Symposium on Applied Computing},
	publisher = {{ACM}},
	author = {Pavloff, Ulysse and Amoussou-Guenou, Yackolley and Tucci-Piergiovanni, Sara},
	urldate = {2024-02-27},
	date = {2023-03-27},
	langid = {english},
	file = {Full Text PDF:files/93/Pavloff et al. - 2023 - Ethereum Proof-of-Stake under Scrutiny.pdf:application/pdf},
}

@inproceedings{li2019blockchain,
  title={The blockchain revolution: From PoW to PoS},
  author={Li, Xiang and Jiang, Yuan and Chen, Hao and Luo, Xiaolin and Shen, Chuan V.},
  booktitle={Proceedings of the IEEE Symposium on Computers and Communications},
  year={2019}
}

@misc{nakamoto2008bitcoin,
  title={Bitcoin: A peer-to-peer electronic cash system},
  author={Nakamoto, Satoshi},
  year={2008},
  howpublished={\url{https://bitcoin.org/bitcoin.pdf}}
}

@misc{bannister2022ethereum,
  title={Ethereum Foundation offers \$1m bug bounty payouts with proof-of-stake migration multiplier},
  author={Bannister, Adam},
  year={2022},
  howpublished={\url{https://portswigger.net/daily-swig/ethereum-foundation-offers-1m-bug-bounty-payouts-with-proof-of-stake-migration-multiplier}},
  note={Accessed: 2024-04-18}
}

@misc{ethereum2023attack,
  title={Ethereum Proof-of-Stake Attack and Defense},
  author={{Ethereum Foundation}},
  year={2023},
  howpublished={\url{https://ethereum.org/en/security/}},
  note={Accessed: 2024-04-18}
}

@article{blockchain_security2023,
  title={Blockchain Vulnerabilities and Recent Security Challenges},
  journal={Journal of Blockchain Security},
  year={2023}
}

@inproceedings{kiayias2017ouroboros,
  title={Ouroboros: A Provably Secure Proof-of-Stake Blockchain Protocol},
  author={Kiayias, Aggelos and Russell, Alexander and David, Bernardo and Oliynykov, Roman},
  booktitle={Proceedings of the Annual International Cryptology Conference},
  pages={357--388},
  year={2017},
  organization={Springer}
}

@online{nas_quote,
  title={Smith and Crown},
  date={2024},
  url={https://www.smithandcrown.com/glossary/nothing-at-stake-problem#:~:text=The%20Nothing%2Dat%2DStake%20Problem,of%20Proof%20of%20Stake%20mechanisms.},
  urldate={2024-05-12}
}